<record><leader>00000cas a22000007a 4500</leader><controlfield tag="001">32968238</controlfield><controlfield tag="008">950811d19uu1979cauwr ne      0    0eng d</controlfield><datafield ind1=" " ind2=" " tag="010"><subfield code="a">sn 95062331 </subfield></datafield><datafield ind1=" " ind2=" " tag="040"><subfield code="a">CNK</subfield><subfield code="b">eng</subfield><subfield code="c">CNK</subfield><subfield code="d">OCLCQ</subfield></datafield><datafield ind1=" " ind2=" " tag="042"><subfield code="a">msc</subfield></datafield><datafield ind1=" " ind2=" " tag="043"><subfield code="a">n-us-ca</subfield></datafield><datafield ind1="0" ind2="0" tag="245"><subfield code="a">Terra Linda news.</subfield></datafield><datafield ind1=" " ind2=" " tag="260"><subfield code="a">San Rafael, Calif. :</subfield><subfield code="b">Marin Suburban Newspapers</subfield></datafield><datafield ind1=" " ind2=" " tag="300"><subfield code="a">v.</subfield></datafield><datafield ind1=" " ind2=" " tag="310"><subfield code="a">Weekly</subfield></datafield><datafield ind1="1" ind2=" " tag="362"><subfield code="a">Ceased in June 1979.</subfield></datafield><datafield ind1=" " ind2=" " tag="588"><subfield code="a">Description based on: Vol. 16, no. 41 (Jan. 20, 1971).</subfield></datafield><datafield ind1=" " ind2="0" tag="651"><subfield code="a">Terra Linda (Calif.)</subfield><subfield code="v">Newspapers.</subfield></datafield><datafield ind1=" " ind2=" " tag="752"><subfield code="a">United States</subfield><subfield code="b">California</subfield><subfield code="c">Marin</subfield><subfield code="d">Terra Linda.</subfield></datafield><datafield ind1="0" ind2="7" tag="785"><subfield code="t">San Rafael pointer</subfield><subfield code="w">(DLC)sn 95062332</subfield></datafield><datafield ind1="0" ind2="7" tag="785"><subfield code="t">News pointer</subfield><subfield code="w">(DLC)sn 95062333</subfield></datafield><datafield ind1="1" ind2=" " tag="029"><subfield code="a">AU@</subfield><subfield code="b">000025877796</subfield></datafield></record>